<?xml version="1.0" encoding="UTF-8"?><collection xmlns="http://www.loc.gov/MARC21/slim"><record><leader>00362nam--2200133-i-4500</leader><controlfield tag="001">000047795</controlfield><controlfield tag="002">20161230</controlfield><controlfield tag="005">20161230201046</controlfield><controlfield tag="008">060222s1000------------r-----000-0-eng-d</controlfield><datafield ind1=" " ind2=" " tag="080"><subfield code="a">574</subfield></datafield><datafield ind1=" " ind2=" " tag="100"><subfield code="a">Yonger, Jacques</subfield></datafield><datafield ind1=" " ind2=" " tag="245"><subfield code="a">Recherches sur le catabolisme de l`atropine dans le foie. these</subfield></datafield><datafield ind1=" " ind2=" " tag="260"><subfield code="a">Paris, La Faculte Des Sciences, 1966, 157p</subfield></datafield><datafield ind1=" " ind2=" " tag="852"><subfield code="a">25364</subfield></datafield></record></collection>